<?xml version="1.0" encoding="UTF-8"?><collection xmlns="http://www.loc.gov/MARC21/slim"><record><leader>00543nam--2200193-u-4500</leader><controlfield tag="001">000053520</controlfield><controlfield tag="002">20161230</controlfield><controlfield tag="005">20161230201051</controlfield><controlfield tag="008">110411s1000------------r-----000-0-rum-d</controlfield><datafield ind1=" " ind2=" " tag="040"><subfield code="a">IFIN-HH</subfield></datafield><datafield ind1=" " ind2=" " tag="041"><subfield code="a">rum</subfield></datafield><datafield ind1=" " ind2=" " tag="080"><subfield code="a">57:539</subfield></datafield><datafield ind1="1" ind2=" " tag="100"><subfield code="a">Moisoi, Nicoleta</subfield></datafield><datafield ind1="1" ind2="0" tag="245"><subfield code="a">Efecte metabolice induse de iradierea la doze joase in sisteme celulare</subfield><subfield code="b">Teza</subfield><subfield code="c">Nicoleta moisoi</subfield></datafield><datafield ind1=" " ind2=" " tag="260"><subfield code="a">Bucuresti</subfield><subfield code="b">Ifa</subfield><subfield code="c">1999</subfield></datafield><datafield ind1=" " ind2=" " tag="300"><subfield code="a">104P</subfield></datafield><datafield ind1=" " ind2=" " tag="502"><subfield code="a">Conducator Stiintific: Dr. Alexandru Berinde</subfield></datafield><datafield ind1=" " ind2=" " tag="852"><subfield code="a">81107</subfield><subfield code="c">57</subfield></datafield><datafield ind1=" " ind2=" " tag="CAT"><subfield code="a">Sys</subfield><subfield code="c">20110411</subfield><subfield code="h">093928</subfield></datafield></record></collection>